@inproceedings{zhang2015cloud,
  title={{The Cloud is Not Enough: Saving IoT from the Cloud.}},
  author={Zhang, Ben and Mor, Nitesh and Kolb, John and Chan, Douglas S and
                  Lutz, Ken and Allman, Eric and Wawrzynek, John and Lee, Edward
                  A and Kubiatowicz, John},
  booktitle={7th USENIX Workshop on Hot Topics in Cloud Computing (HotCloud 15)},
  publisher={USENIX Association},
  url={https://www.usenix.org/conference/hotcloud15/workshop-program/presentation/zhang},
  year=2015,
}

@inproceedings{rabkin2014aggregation,
  title={{Aggregation and Degradation in JetStream: Streaming Analytics in the
                  Wide Area}},
  author={Rabkin, Ariel and Arye, Matvey and Sen, Siddhartha and Pai, Vivek S
                  and Freedman, Michael J},
  booktitle = {Proceedings of the 11th USENIX Conference on Networked Systems
                   Design and Implementation},
  series = {NSDI'14},
  year = 2014,
  isbn = {978-1-931971-09-6},
  location = {Seattle, WA},
  pages = {275--288},
  numpages = 14,
  url = {http://dl.acm.org/citation.cfm?id=2616448.2616474},
  acmid = 2616474,
  publisher = {USENIX Association},
  address = {Berkeley, CA, USA},
}
